@inproceedings{ghosh2015normalized,
  title={Normalized Nash equilibrium for power allocation in femto base stations in heterogeneous network},
  author={Ghosh, Arnob and Cottatellucci, Laura and Altman, Eitan},
  booktitle={2015 13th International Symposium on Modeling and Optimization in Mobile, Ad Hoc, and Wireless Networks (WiOpt)},
  pages={411--418},
  year={2015},
  organization={IEEE}
}

@article{rosen1964existence,
  title={Existence and uniqueness of equilibrium points for concave n-person games},
  author={Rosen, J Ben},
  year={1964}
}

@article{boyd2011distributed,
  title={Distributed optimization and statistical learning via the alternating direction method of multipliers},
  author={Boyd, Stephen and Parikh, Neal and Chu, Eric and Peleato, Borja and Eckstein, Jonathan and others},
  journal={Foundations and Trends{\textregistered} in Machine learning},
  volume={3},
  number={1},
  pages={1--122},
  year={2011},
  publisher={Now Publishers, Inc.}
}

@book{BoV:04,
 author = {S. Boyd and L. Vandenberghe},
 title = {Convex Optimization},
 publisher = {Cambridge University Press},
 year = 2004
}

