@inproceedings{ghosh2015normalized,
  title={Normalized Nash equilibrium for power allocation in femto base stations in heterogeneous network},
  author={Ghosh, Arnob and Cottatellucci, Laura and Altman, Eitan},
  booktitle={2015 13th International Symposium on Modeling and Optimization in Mobile, Ad Hoc, and Wireless Networks (WiOpt)},
  pages={411--418},
  year={2015},
  organization={IEEE}
}

@article{rosen1964existence,
  title={Existence and uniqueness of equilibrium points for concave n-person games},
  author={Rosen, J Ben},
  year={1964}
}