@inproceedings{shlezinger2019viterbinet,
  title={ViterbiNet: Symbol detection using a deep learning based Viterbi algorithm},
  author={Shlezinger, Nir and Eldar, Yonina C and Farsad, Nariman and Goldsmith, Andrea J},
  booktitle={2019 IEEE 20th International Workshop on Signal Processing Advances in Wireless Communications (SPAWC)},
  pages={1--5},
  year={2019},
  organization={IEEE}
}

@article{ng2000cs229,
  title={CS229 Lecture notes},
  author={Ng, Andrew},
  journal={CS229 Lecture notes},
  volume={1},
  number={1},
  year={2000}
}

@article{kingma2014adam,
  title={Adam: A method for stochastic optimization},
  author={Kingma, Diederik P and Ba, Jimmy},
  journal={arXiv preprint arXiv:1412.6980},
  year={2014}
}


@misc{shlezinger2020datadriven,
    title={Data-Driven Factor Graphs for Deep Symbol Detection},
    author={Nir Shlezinger and Nariman Farsad and Yonina C. Eldar and Andrea J. Goldsmith},
    year={2020},
    eprint={2002.00758},
    archivePrefix={arXiv},
    primaryClass={stat.ML}
}

@article{jamali2019channel,
  title={Channel modeling for diffusive molecular communicationâ€”A tutorial review},
  author={Jamali, Vahid and Ahmadzadeh, Arman and Wicke, Wayan and Noel, Adam and Schober, Robert},
  journal={Proceedings of the IEEE},
  volume={107},
  number={7},
  pages={1256--1301},
  year={2019},
  publisher={IEEE}
}

@book{cover2012elements,
  title={Elements of information theory},
  author={Cover, Thomas M and Thomas, Joy A},
  year={2012},
  publisher={John Wiley \& Sons}
}

@inproceedings{van1995channel,
  title={On channel estimation in OFDM systems},
  author={Van De Beek, J-J and Edfors, Ove and Sandell, Magnus and Wilson, Sarah Kate and Borjesson, P Ola},
  booktitle={1995 IEEE 45th Vehicular Technology Conference. Countdown to the Wireless Twenty-First Century},
  volume={2},
  pages={815--819},
  year={1995},
  organization={IEEE}
}


@book{proakis1988introduction,
  title={Introduction to digital signal processing},
  author={Proakis, John G and Manolakis, Dimitris G},
  year={1988},
  publisher={Prentice Hall Professional Technical Reference}
}

@book{Goodfellow-et-al-2016,
    title={Deep Learning},
    author={Ian Goodfellow and Yoshua Bengio and Aaron Courville},
    publisher={MIT Press},
    note={\url{http://www.deeplearningbook.org}},
    year={2016}
}
